%YAML 1.1
%TAG !u! tag:unity3d.com,2011:
--- !u!244 &-9176210304520393529
AudioMixerEffectController:
  m_ObjectHideFlags: 3
  m_CorrespondingSourceObject: {fileID: 0}
  m_PrefabInstance: {fileID: 0}
  m_PrefabAsset: {fileID: 0}
  m_Name: 
  m_EffectID: 875c66b1f122eb844aae8c9f5c2da9d7
  m_EffectName: Attenuation
  m_MixLevel: 5f5409dbcf0467c41a99db5eddb4e6a5
  m_Parameters: []
  m_SendTarget: {fileID: 0}
  m_EnableWetMix: 0
  m_Bypass: 0
--- !u!244 &-7530685924143810907
AudioMixerEffectController:
  m_ObjectHideFlags: 3
  m_CorrespondingSourceObject: {fileID: 0}
  m_PrefabInstance: {fileID: 0}
  m_PrefabAsset: {fileID: 0}
  m_Name: 
  m_EffectID: 6bf1552796f2ef34da93cefe980b2dec
  m_EffectName: Attenuation
  m_MixLevel: b50b6d1dd2cb3914294eade565d35172
  m_Parameters: []
  m_SendTarget: {fileID: 0}
  m_EnableWetMix: 0
  m_Bypass: 0
--- !u!243 &-6753783197538138706
AudioMixerGroupController:
  m_ObjectHideFlags: 0
  m_CorrespondingSourceObject: {fileID: 0}
  m_PrefabInstance: {fileID: 0}
  m_PrefabAsset: {fileID: 0}
  m_Name: New Group
  m_AudioMixer: {fileID: 24100000}
  m_GroupID: 5224156c233b74c4fbc23638713b5ebf
  m_Children: []
  m_Volume: 4cdc6cb0eaafe2748b06a48cb41ece9f
  m_Pitch: f843c46c88f79a74aaf320031e61d552
  m_Send: 00000000000000000000000000000000
  m_Effects:
  - {fileID: -7530685924143810907}
  m_UserColorIndex: 0
  m_Mute: 0
  m_Solo: 0
  m_BypassEffects: 0
--- !u!243 &-2184908951685296876
AudioMixerGroupController:
  m_ObjectHideFlags: 0
  m_CorrespondingSourceObject: {fileID: 0}
  m_PrefabInstance: {fileID: 0}
  m_PrefabAsset: {fileID: 0}
  m_Name: New Group
  m_AudioMixer: {fileID: 24100000}
  m_GroupID: 938ac56470f9d4d4eaecdc03b9320685
  m_Children: []
  m_Volume: 7e408b6bc8edb2f4f8569a5eb9fcf4eb
  m_Pitch: 55d46f3c7f7babe4484ede9e02940c48
  m_Send: 00000000000000000000000000000000
  m_Effects:
  - {fileID: 1280646475415085054}
  m_UserColorIndex: 0
  m_Mute: 0
  m_Solo: 0
  m_BypassEffects: 0
--- !u!241 &24100000
AudioMixerController:
  m_ObjectHideFlags: 0
  m_CorrespondingSourceObject: {fileID: 0}
  m_PrefabInstance: {fileID: 0}
  m_PrefabAsset: {fileID: 0}
  m_Name: NewAudioMixer
  m_OutputGroup: {fileID: 0}
  m_MasterGroup: {fileID: 24300002}
  m_Snapshots:
  - {fileID: 24500006}
  m_StartSnapshot: {fileID: 24500006}
  m_SuspendThreshold: -80
  m_EnableSuspend: 1
  m_UpdateMode: 0
  m_ExposedParameters: []
  m_AudioMixerGroupViews:
  - guids:
    - 47af7867beed2c54fa986057d4ae1a06
    - e2e15f4449ecb0d4f94de3a36f17e380
    - 938ac56470f9d4d4eaecdc03b9320685
    - 5224156c233b74c4fbc23638713b5ebf
    name: View
  m_CurrentViewIndex: 0
  m_TargetSnapshot: {fileID: 24500006}
--- !u!243 &24300002
AudioMixerGroupController:
  m_ObjectHideFlags: 0
  m_CorrespondingSourceObject: {fileID: 0}
  m_PrefabInstance: {fileID: 0}
  m_PrefabAsset: {fileID: 0}
  m_Name: Master
  m_AudioMixer: {fileID: 24100000}
  m_GroupID: 47af7867beed2c54fa986057d4ae1a06
  m_Children:
  - {fileID: 4332164946027524865}
  - {fileID: -2184908951685296876}
  m_Volume: c4c1464381fa8ed4e858ab629164578a
  m_Pitch: 086f89a9d9956e34d886a4f67d1b7ff1
  m_Send: 00000000000000000000000000000000
  m_Effects:
  - {fileID: 24400004}
  m_UserColorIndex: 0
  m_Mute: 0
  m_Solo: 0
  m_BypassEffects: 0
--- !u!244 &24400004
AudioMixerEffectController:
  m_ObjectHideFlags: 3
  m_CorrespondingSourceObject: {fileID: 0}
  m_PrefabInstance: {fileID: 0}
  m_PrefabAsset: {fileID: 0}
  m_Name: 
  m_EffectID: 0d6ffa4f9950cf14c816fd7ee62f28be
  m_EffectName: Attenuation
  m_MixLevel: aa33de8bbddc92143af033081fa34fd6
  m_Parameters: []
  m_SendTarget: {fileID: 0}
  m_EnableWetMix: 0
  m_Bypass: 0
--- !u!245 &24500006
AudioMixerSnapshotController:
  m_ObjectHideFlags: 0
  m_CorrespondingSourceObject: {fileID: 0}
  m_PrefabInstance: {fileID: 0}
  m_PrefabAsset: {fileID: 0}
  m_Name: Snapshot
  m_AudioMixer: {fileID: 24100000}
  m_SnapshotID: 69e4ba88b520fb04facda764f999939b
  m_FloatValues: {}
  m_TransitionOverrides: {}
--- !u!244 &1280646475415085054
AudioMixerEffectController:
  m_ObjectHideFlags: 3
  m_CorrespondingSourceObject: {fileID: 0}
  m_PrefabInstance: {fileID: 0}
  m_PrefabAsset: {fileID: 0}
  m_Name: 
  m_EffectID: 200cd699cba3a2b47876c7c926a35112
  m_EffectName: Attenuation
  m_MixLevel: 941f7407e26f307408c526e29bfd83e4
  m_Parameters: []
  m_SendTarget: {fileID: 0}
  m_EnableWetMix: 0
  m_Bypass: 0
--- !u!243 &4332164946027524865
AudioMixerGroupController:
  m_ObjectHideFlags: 0
  m_CorrespondingSourceObject: {fileID: 0}
  m_PrefabInstance: {fileID: 0}
  m_PrefabAsset: {fileID: 0}
  m_Name: New Group
  m_AudioMixer: {fileID: 24100000}
  m_GroupID: e2e15f4449ecb0d4f94de3a36f17e380
  m_Children:
  - {fileID: -6753783197538138706}
  m_Volume: 948b601fd6bc0cf468959a050c4773df
  m_Pitch: 65613f4a959f4844b84e47c6149687bc
  m_Send: 00000000000000000000000000000000
  m_Effects:
  - {fileID: -9176210304520393529}
  m_UserColorIndex: 0
  m_Mute: 0
  m_Solo: 0
  m_BypassEffects: 0
